@InProceedings{Czyz-NDSS2016,
  author    = {Jakub Czyz and Matthew J. Luckie and Mark Allman and Michael Bailey},
  title     = {Don't Forget to Lock the Back Door! {A} Characterization of IPv6 Network Security Policy},
  booktitle = {23rd Annual Network and Distributed System Security Symposium, {NDSS} 2016, San Diego, California, USA, February 21-24, 2016},
  year      = {2016},
  bibsource = {dblp computer science bibliography, https://dblp.org},
  biburl    = {https://dblp.org/rec/bib/conf/ndss/CzyzLAB16},
  crossref  = {DBLP:conf/ndss/2016},
  timestamp = {Tue, 16 Jan 2018 15:42:50 +0100},
  url       = {http://wp.internetsociety.org/ndss/wp-content/uploads/sites/25/2017/09/dont-forget-lock-back-door-characterization-ipv6-network-security-policy.pdf},
}

@Misc{Google-IPv6,
  howpublished = {\url{https://www.google.com/intl/en/ipv6/statistics.html}},
  note         = {Accessed: 2022-01-25},
  title        = {{IPv6 Google Statistics | Google}},
  year         = {2022},
  date         = {2018-07-02},
  file         = {:./references/intl-en-ipv6-statistics.html.html:html},
  organization = {Google},
}

@Misc{Prince-CF2013,
 title = {{Happy IPv6 Day: Usage On the Rise, Attacks Too}},
 date = {2013-06-06},
 note = {Accessed: 2022-01-25},
 file = {:./references/ipv6-day-usage-attacks-rise-.html:html},
 howpublished = {\url{https://blog.cloudflare.com/ipv6-day-usage-attacks-rise/}},
 organization = {CloudFlare},
 author = {Matthew Prince}
}

@Misc{Huston-APNIC2021,
 title = {{IPv6 in 2020}},
 date = {2021-02-08},
 note = {Accessed: 2022-01-25},
 file = {:./references/ipv6-day-usage-attacks-rise-.html:html},
 howpublished = {\url{https://blog.apnic.net/2021/02/08/ipv6-in-2020/}},
 organization = {APNIC},
 author = {Geoff Huston}
}

@InProceedings{Czyz-SIGCOMM2014,
  author    = {Czyz, Jakub and Allman, Mark and Zhang, Jing and Iekel-Johnson, Scott and Osterweil, Eric and Bailey, Michael},
  title     = {Measuring IPv6 Adoption},
  booktitle = {Proceedings of the 2014 ACM Conference on SIGCOMM},
  year      = {2014},
  series    = {SIGCOMM '14},
  pages     = {87--98},
  address   = {New York, NY, USA},
  publisher = {ACM},
  acmid     = {2626295},
  doi       = {10.1145/2619239.2626295},
  isbn      = {978-1-4503-2836-4},
  keywords  = {IP, IPv4, IPv6, dns, internet, measurement},
  location  = {Chicago, Illinois, USA},
  numpages  = {12},
  url       = {http://doi.acm.org/10.1145/2619239.2626295},
}

@inproceedings{Dhamdhere-IMC2012,
 author = {Dhamdhere, Amogh and Luckie, Matthew and Huffaker, Bradley and claffy, kc and Elmokashfi, Ahmed and Aben, Emile},
 title = {{Measuring the Deployment of IPv6: Topology, Routing and Performance}},
 booktitle = {Proceedings of the 2012 Internet Measurement Conference},
 series = {IMC '12},
 year = {2012},
 isbn = {978-1-4503-1705-4},
 location = {Boston, Massachusetts, USA},
 pages = {537--550},
 numpages = {14},
 url = {http://doi.acm.org/10.1145/2398776.2398832},
 doi = {10.1145/2398776.2398832},
 acmid = {2398832},
 publisher = {ACM},
 address = {New York, NY, USA},
 keywords = {IPv6, performance, routing, topology},
}

@InProceedings{Tschantz-SP2016,
  author    = {M. C. {Tschantz} and S. {Afroz} and {Anonymous} and V. {Paxson}},
  title     = {{SoK: Towards Grounding Censorship Circumvention in Empiricism}},
  booktitle = {2016 IEEE Symposium on Security and Privacy (SP)},
  year      = {2016},
  pages     = {914-933},
  month     = {May},
  doi       = {10.1109/SP.2016.59},
  issn      = {2375-1207},
  keywords  = {authorisation;government policies;Internet;government Internet censorship;empiricism;censorship circumvention;SoK;Censorship;Monitoring;Bridges;IP networks;Relays;Grounding;Government;censorship;censorship circumvention;evaluation;and empiricism},
}

@article{abdi2007bonferroni,
  title={Bonferroni and {\v{S}}id{\'a}k corrections for multiple comparisons},
  author={Abdi, Herv{\'e} and others},
  journal={Encyclopedia of measurement and statistics},
  volume={3},
  pages={103--107},
  year={2007},
  publisher={Sage Thousand Oaks, CA}
}

@inproceedings{sundara2020censored,
  title     = {Censored Planet: An Internet-wide, Longitudinal Censorship Observatory},
  author    = {Sundara Raman, Ram and Shenoy, Prerana and Kohls, Katharina and Ensafi, Roya},
  booktitle = {Proceedings of the 2020 ACM SIGSAC Conference on Computer and Communications Security},
  pages     = {49--66},
  year      = {2020}
}

@inproceedings{scott2016satellite,
  title     = {Satellite: Joint analysis of CDNs and network-level interference},
  author    = {Scott, Will and Anderson, Thomas and Kohno, Tadayoshi and Krishnamurthy, Arvind},
  booktitle = {2016 $\{$USENIX$\}$ Annual Technical Conference ($\{$USENIX$\}$$\{$ATC$\}$ 16)},
  pages     = {195--208},
  year      = {2016}
}

@inproceedings{pearce2017global,
  title     = {Global measurement of $\{$DNS$\}$ manipulation},
  author    = {Pearce, Paul and Jones, Ben and Li, Frank and Ensafi, Roya and Feamster, Nick and Weaver, Nick and Paxson, Vern},
  booktitle = {26th $\{$USENIX$\}$ Security Symposium ($\{$USENIX$\}$ Security 17)},
  pages     = {307--323},
  year      = {2017}
}

@inproceedings{vandersloot2018quack,
  title     = {Quack: Scalable remote measurement of application-layer censorship},
  author    = {VanderSloot, Benjamin and McDonald, Allison and Scott, Will and Halderman, J Alex and Ensafi, Roya},
  booktitle = {27th $\{$USENIX$\}$ Security Symposium ($\{$USENIX$\}$ Security 18)},
  pages     = {187--202},
  year      = {2018}
}

@inproceedings{niaki2020iclab,
  title        = {ICLab: A Global, Longitudinal Internet Censorship Measurement Platform},
  author       = {Niaki, Arian Akhavan and Cho, Shinyoung and Weinberg, Zachary and Hoang, Nguyen Phong and Razaghpanah, Abbas and Christin, Nicolas and Gill, Phillipa},
  booktitle    = {2020 IEEE Symposium on Security and Privacy (SP)},
  pages        = {135--151},
  year         = {2020},
  organization = {IEEE}
}

@inproceedings{USESEC21:GFWatch,
  author    = {NP. Hoang and AA. Niaki and J. Dalek and J. Knockel and P. Lin and B. Marczak and M. Crete-Nishihata and P. Gill and M. Polychronakis},
  title     = {{How Great is the Great Firewall? Measuring China's DNS Censorship}},
  booktitle = {30th {USENIX} Security Symposium},
  year      = {2021},
  isbn      = {978-1-939133-24-3},
  pages     = {3381--3398},
  url       = {https://www.usenix.org/conference/usenixsecurity21/presentation/hoang},
  publisher = {{USENIX} Association}
}

@inproceedings{Anonymous2020:TripletCensors,
  author    = {Anonymous and Arian Akhavan Niaki and Nguyen Phong Hoang and Phillipa Gill and Amir Houmansadr},
  title     = {Triplet Censors: Demystifying Great Firewall's {DNS} Censorship Behavior},
  booktitle = {{Proceedings of the 10th USENIX Workshop on Free and Open Communications on the Internet}},
  series    = {FOCI '20},
  year      = {2020}
}

@inproceedings{kuhrer2015going,
  title     = {Going wild: Large-scale classification of open DNS resolvers},
  author    = {K{\"u}hrer, Marc and Hupperich, Thomas and Bushart, Jonas and Rossow, Christian and Holz, Thorsten},
  booktitle = {Proceedings of the 2015 Internet Measurement Conference},
  pages     = {355--368},
  year      = {2015}
}

@article{levis2012collateral,
  title   = {The collateral damage of internet censorship by dns injection},
  author  = {Levis, Philip},
  journal = {ACM SIGCOMM CCR},
  volume  = {42},
  number  = {3},
  pages   = {10--1145},
  year    = {2012}
}

@article{dagon2008corrupted,
  title  = {Corrupted DNS resolution paths: The rise of a malicious resolution authority},
  author = {Dagon, David and Lee, Chris and Lee, Wenke and Provos, Niels},
  year   = {2008}
}

@inproceedings{xu2011internet,
  title        = {Internet censorship in China: Where does the filtering occur?},
  author       = {Xu, Xueyang and Mao, Z Morley and Halderman, J Alex},
  booktitle    = {International Conference on Passive and Active Network Measurement},
  pages        = {133--142},
  year         = {2011},
  organization = {Springer}
}

@misc{global2002great,
  title        = {The great firewall revealed},
  author       = {Global Internet Freedom Consortium and others},
  howpublished = {\url{http://www.internetfreedom.org/files/WhitePaper/ChinaGreatFirewallRevealed.pdf}},
  year         = {2002}
}

@article{RFC1035,
  title        = {{ DOMAIN NAMES - IMPLEMENTATION AND SPECIFICATION }},
  journal      = {Internet Engineering Task Force},
  author       = {Mockapetris, P.},
  year         = {1987},
  howpublished = {\url{https://tools.ietf.org/html/rfc1035}},
  note         = {Accessed: 2022-01-27}
}

@article{RFC3596,
  title        = {{ DNS Extensions to Support IP Version 6 }},
  journal      = {Internet Engineering Task Force},
  author       = {Thomson, S. and Huitema, C. and Ksinant V. and Souissi M.},
  year         = {2003},
  howpublished = {\url{https://tools.ietf.org/html/rfc3596}},
  note         = {Accessed: 2022-01-27}
}

@inproceedings{beznazwy2020china,
  title={How China Detects and Blocks Shadowsocks},
  author={Beznazwy, Jan and Houmansadr, Amir},
  booktitle={Proceedings of the ACM Internet Measurement Conference},
  pages={111--124},
  year={2020}
}

@inproceedings{ramesh2020decentralized,
  title={Decentralized control: A case study of russia},
  author={Ramesh, Reethika and Raman, Ram Sundara and Bernhard, Matthew and Ongkowijaya, Victor and Evdokimov, Leonid and Edmundson, Anne and Sprecher, Steven and Ikram, Muhammad and Ensafi, Roya},
  booktitle={Network and Distributed Systems Security (NDSS) Symposium 2020},
  year={2020}
}
